3022 5086
306 333 369 393 114
725 343 992 391 nusouuouou.

304 516 329 565 A
359 514 399 565 Ad
439 514 517 565 breue
527 514 604 577 Regia
740 515 772 564 de
1105 513 1237 564 bastardia

999 601 1088 647 utrum
1227 595 1414 660 aliquianatus

304 681 328 730 B
359 680 429 730 inter
440 679 492 730 alia
527 679 773 730 baotatumiuitds
950 678 1254 730 obieotionebastardiee

999 766 1088 811 utrum
1098 762 1217 812 videlieet
1229 761 1324 824 aliquis
1335 766 1415 811 natus

304 845 326 895 0
358 843 490 896 interalia
527 847 668 896 baustum
679 843 728 893 iuit
739 843 771 894 de
782 842 934 894 huiusmodi
945 843 1088 894 obiectione
1098 843 1245 893 bastardiae

1000 926 1088 974 utrum
1099 924 1218 974 videlieet
1266 924 1415 986 quisnatus

304 1104 328 1153 A
360 1102 421 1151 ants
614 1094 813 1147 matrimonium
824 1095 919 1146 habere
968 1097 1064 1158 poterit

953 1177 1123 1227 hereditatem

303 1264 327 1313 B
360 1265 422 1313 ants
614 1258 813 1308 matrimonium
825 1258 957 1308 subsedere
967 1259 1051 1320 possit
1072 1258 1279 1309 antecessoribus
1291 1260 1345 1310 suis
1357 1261 1384 1308 in

952 1340 1095 1391 hereditate
1132 1341 1260 1391 ethaberi
1366 1359 1414 1406 pro

304 1429 326 1479 0
360 1431 422 1479 ante
434 1425 566 1491 sponsalia
573 1428 603 1475 et
614 1422 812 1474 matrimonium

1170 1488 1261 1538 haberi
1271 1488 1354 1552 possit
1365 1504 1412 1552 pro

303 1677 327 1728 A
486 1675 555 1724 sient
565 1673 609 1722 ille
620 1672 665 1734 qui
955 1674 1085 1722 natusest
1117 1675 1185 1736 post,

303 1761 327 1810 Β
359 1758 474 1822 legitimo
486 1757 553 1807 naut
564 1756 608 1805 ille
618 1754 664 1817 qui
674 1757 734 1817 post
744 1753 944 1805 matrimonium
955 1758 1033 1804 natus
1044 1754 1104 1804 iuit.
1195 1755 1276 1805 Etad
1294 1755 1363 1819 [hoo]

1182 1837 1376 1901 Arebiepisoopi
1387 1845 1413 1888 et

304 1923 325 1972 0
358 1920 475 1985 legitimo
487 1919 553 1975 siout
564 1919 608 1969 ille
619 1917 664 1980 qui
675 1919 734 1982 post
745 1917 945 1968 matrimonium
955 1922 1034 1968 natus
1046 1918 1104 1970 fuit.
1239 1919 1280 1969 Ad
1292 1921 1360 1982 quod

304 2101 329 2150 A
361 2095 654 2160 responderuntomnes
665 2094 790 2157 Episoopi

303 2183 327 2232 Β
563 2191 654 2232 omues
664 2176 788 2240 Episoopi
798 2175 988 2239 responderunt
999 2176 1069 2238 quod
1080 2191 1140 2227 oum
1181 2176 1278 2239 iliiqui
1292 2177 1348 2228 nati
1404 2177 1405 2180 ’

1036 2260 1098 2308 sunt
1152 2265 1214 2310 ante

304 2345 325 2395 c
561 2356 652 2392 omnes
662 2339 787 2404 Epiaoopi
797 2339 985 2404 responderunt
997 2341 1066 2404 quod
1077 2343 1276 2405 omnesilliqui
1290 2343 1347 2393 nati

1035 2424 1141 2474 fuerunt
1152 2428 1214 2475 ante
1225 2426 1360 2489 sponsalia
1371 2426 1412 2476 vel

304 2579 329 2628 A

305 2660 329 2709 Β
360 2657 558 2711 matrimonium
569 2658 608 2710 ita
706 2655 818 2722 legitimi
829 2659 891 2708 sunt
902 2655 1077 2720 sioutiliiqui
1243 2661 1302 2721 post

954 2739 1151 2789 matrimonium
1173 2739 1312 2801 natisnnt‚
1325 2740 1412 2802 quoad

305 2824 327 2874 0
359 2822 556 2875 matrimonium
567 2822 606 2874 ita
616 2825 693 2873 arunt
703 2821 814 2885 legitimi
901 2820 969 2872 siout
980 2821 1019 2870 illi
1031 2821 1076 2883 qui
1087 2821 1143 2871 nati
1154 2824 1233 2872 erunt
1242 2824 1302 2884 post

953 2903 1160 2965 matrimonium,
1325 2908 1413 2969 quoad

302 3078 326 3127 Δ
870 3072 940 3137 quod
951 3073 1044 3124 nolunt
1099 3089 1147 3125 neo
1193 3081 1305 3140 possunt

302 3160 326 3208 B
505 3156 861 3220 deumetquoadeoolesiam
951 3156 1337 3221 nolueruntnequepotuerunt

986 3236 1043 3286 sine
1053 3237 1212 3301 praeiudicio
1221 3240 1412 3293 ecelesiastieae

303 3322 325 3371 (1
359 3318 717 3383 dominumdeumetquoad
725 3319 860 3371 aoolasiam
871 3332 921 3368 neo
951 3318 1147 3370 volueruntneo
1193 3324 1337 3383 potuerunt

989 3398 1046 3449 sine
1057 3400 1215 3462 praeiudicio
1225 3404 1413 3457 eoolosiastieas

304 3570 327 3619 A
507 3566 796 3631 adistudrospondere,

303 3653 327 3703 Β
360 3650 497 3714 dignitatis
633 3649 788 3714 respondere
810 3649 844 3700 ati
854 3649 933 3700 brena
941 3648 976 3700 da
1190 3648 1361 3712 inquisitione

1106 3729 1226 3781 iacienda
1238 3730 1269 3781 de
1280 3731 1413 3783 bastardia

305 3816 325 3865 0
359 3814 496 3878 digrritatis
634 3812 789 3876 respondero
809 3814 843 3864 ad
854 3812 932 3865 breue
943 3811 1180 3876 superbuiusmodi
1190 3810 1361 3874 inquisitione

566 3898 579 3913 ‘·
1106 3893 1412 3944 faciendadebastardia

304 4135 327 4183 B
360 4134 397 4184 sio
408 4133 515 4194 obieeta,
524 4131 662 4195 rescribere
669 4131 873 4195 dominoregiin
883 4132 967 4182 formu
975 4132 1015 4181 eis
1025 4129 1181 4182 demandata
1192 4144 1237 4194 per
1248 4129 1323 4180 breue
1335 4145 1412 4181 suum

1126 4212 1243 4263 videlieet
1254 4216 1344 4262 utrum
1355 4212 1411 4277 ipse

305 4298 325 4346 O
360 4296 397 4347 sio
409 4295 516 4355 obieeta,
525 4295 664 4346 rescribere
675 4294 781 4345 domino
792 4295 844 4358 regi

1125 4358 1245 4411 uidelicet
1257 4363 1345 4411 utrum
